@software{TapDanceImpl,
author = {Wei, Jesse and Xie, Daniel and Lim, Harin and Kim, Dohhyun and Zau, Matseoi},
license = {MIT},
title = {{TapDanceImpl}},
url = {https://github.com/COMP590-PET/TapDanceImpl}
}

@article{tapdance, title={TapDance: End-to-Middle Anticensorship without Flow Blocking}, volume={39}, number={6}, journal={USENIX Security Symposium}, author={Wustrow, Eric and Swanson, Colleen M. and Halderman, J. Alex}, year={2014}, month={Dec}}

@article{elligator, title={Elligator: Elliptic-curve points indistinguishable from uniform random string}, journal={ACM Conference on Computer and Communications Security}, author={Bernstein, Daniel and Hamburg, Mike and Krasnova, Anna and Lange, Tanja}, year={2013}} 

@misc{pymonocypher,
  author = {Liberty, Matt},
  title = {pymonocypher},
  year = {2023},
  publisher = {GitHub},
  journal = {GitHub repository},
  howpublished = {\url{https://github.com/jetperch/pymonocypher}},
  commit = {6fc2b06}
}

@misc{mitmproxy,
author = {Mitmproxy project},
title = {mitmproxy},
howpublished = {\url{https://mitmproxy.org}},
note = {Accessed: 04-18-2024},
year = {2024}
}

@misc{mitmproxy_firewall,
author = {Dandy Vica},
title = {Use mitmproxy as a personal firewall},
howpublished = {\url{https://dev.to/dandyvica/use-mitmproxy-as-a-personal-firewall-4m6h}},
note = {Accessed: 04-18-2024},
year = {2020}
}
